@misc{subject:pent2017,
  author   = {Sáez Aguado, Jesús},
  title    = {{Programación Entera}},
  year     = {2017/18},
  note     = {Facultad de Ciencias: Departamento de Estadística e Investigación Operativa}
}

@misc{tool:xpress-mosel,
  author   = {{FICO Xpress}},
  title    = {{Xpress-Mosel}},
  note     = {\url{http://www.maths.ed.ac.uk/hall/Xpress/FICO_Docs/mosel/mosel_lang/dhtml/moselref.html/}},
}

@misc{repository:network-flow-transeuro,
  author   = {García Prado, Sergio},
  title    = {{Single Source Transportation Problem}},
  year     = {2018},
  note     = {\url{https://github.com/garciparedes/single-source-transportation-problem}},
}
